@techreport{waterman2016riscv,
  author      = {Andrew Waterman and others},
  title       = {The RISC-V Instruction Set Manual, Volume I: User-Level ISA, Version 2.1},
  institution = {University of California at Berkeley},
  number      = {UCB/EECS-2016-118},
  year        = {2016},
  type        = {EECS Department Technical Report},
  url         = {https://www2.eecs.berkeley.edu/Pubs/TechRpts/2016/EECS-2016-118.pdf}
}